@inproceedings{nettleton1983power,
  title={Power control for a spread spectrum cellular mobile radio system},
  author={Nettleton, RW and Alavi, Hossein},
  booktitle={Vehicular Technology Conference, 1983. 33rd IEEE},
  volume={33},
  pages={242--246},
  year={1983},
  organization={IEEE}
}