@inproceedings{nettleton1983power,
  title={Power control for a spread spectrum cellular mobile radio system},
  author={Nettleton, RW and Alavi, Hossein},
  booktitle={Vehicular Technology Conference, 1983. 33rd IEEE},
  volume={33},
  pages={242--246},
  year={1983},
  organization={IEEE}
}

@article{zander1992performance,
	title={Performance of optimum transmitter power control in cellular radio systems},
	author={Zander, Jens},
	journal={IEEE transactions on vehicular technology},
	volume={41},
	number={1},
	pages={57--62},
	year={1992},
	publisher={IEEE}
}

@article{wu1997centralised,
	title={Centralised power control in CDMA cellular mobile systems},
	author={Wu, Qiang and Wu, Wei-Ling and Zhou, Jiong-Pan},
	journal={Electronics Letters},
	volume={33},
	number={2},
	pages={115--115},
	year={1997},
	publisher={IET}
}

@article{grandhi1994constrained,
	title={Constrained power control},
	author={Grandhi, Sudheer A and Zander, Jens and Yates, Roy},
	journal={Wireless Personal Communications},
	volume={1},
	number={4},
	pages={257--270},
	year={1994},
	publisher={Springer}
}


@inproceedings{grandhi1994constrained,
	title={Constrained power control in cellular radio systems},
	author={Grandhi, Sudheer A and Zander, Jens},
	booktitle={Vehicular Technology Conference, 1994 IEEE 44th},
	pages={824--828},
	year={1994},
	organization={IEEE}
}

@article{zander1992performance,
	title={Centralized power control in cellular radio systems},
	author={Grandhi, Sudheer A and Vijayan, Rajiv and Goodman, David J and Zander, Jens},
	journal={IEEE Transactions on Vehicular Technology},
	volume={42},
	number={4},
	pages={466--468},
	year={1993},
	publisher={IEEE}
}

@article{wu1999performance,
	title={Performance of optimum transmitter power control in CDMA cellular mobile systems},
	author={Wu, Qiang},
	journal={IEEE Transactions on Vehicular Technology},
	volume={48},
	number={2},
	pages={571--575},
	year={1999},
	publisher={IEEE}
}